<?xml version="1.0" encoding="UTF-8"?>
  <record xmlns="http://www.loc.gov/MARC21/slim" type="Authority">
    <leader>00000nz  a2200000oc 4500</leader>
    <controlfield tag="001">1072725703</controlfield>
    <controlfield tag="003">DE-101</controlfield>
    <controlfield tag="005">20180822170156.0</controlfield>
    <controlfield tag="008">150624n||aznnnaabn           | aaa    |c</controlfield>
    <datafield tag="024" ind1="7" ind2=" ">
      <subfield code="a">1072725703</subfield>
      <subfield code="0">http://d-nb.info/gnd/1072725703</subfield>
      <subfield code="2">gnd</subfield>
    </datafield>
    <datafield tag="035" ind1=" " ind2=" ">
      <subfield code="a">(DE-101)1072725703</subfield>
    </datafield>
    <datafield tag="035" ind1=" " ind2=" ">
      <subfield code="a">(DE-588)1072725703</subfield>
    </datafield>
    <datafield tag="040" ind1=" " ind2=" ">
      <subfield code="a">DE-32</subfield>
      <subfield code="c">DE-32</subfield>
      <subfield code="9">r:DE-601</subfield>
      <subfield code="b">ger</subfield>
      <subfield code="d">9999</subfield>
      <subfield code="e">rda</subfield>
    </datafield>
    <datafield tag="042" ind1=" " ind2=" ">
      <subfield code="a">gnd3</subfield>
    </datafield>
    <datafield tag="043" ind1=" " ind2=" ">
      <subfield code="c">XA-AT</subfield>
    </datafield>
    <datafield tag="075" ind1=" " ind2=" ">
      <subfield code="b">p</subfield>
      <subfield code="2">gndgen</subfield>
    </datafield>
    <datafield tag="075" ind1=" " ind2=" ">
      <subfield code="b">piz</subfield>
      <subfield code="2">gndspec</subfield>
    </datafield>
    <datafield tag="079" ind1=" " ind2=" ">
      <subfield code="a">g</subfield>
      <subfield code="q">f</subfield>
    </datafield>
    <datafield tag="100" ind1="1" ind2=" ">
      <subfield code="a">Stubeck von Königstein, Johann Gottfried</subfield>
    </datafield>
    <datafield tag="375" ind1=" " ind2=" ">
      <subfield code="a">1</subfield>
      <subfield code="2">iso5218</subfield>
    </datafield>
    <datafield tag="400" ind1="1" ind2=" ">
      <subfield code="a">Stubick von Königstein, Johann Gottfried</subfield>
    </datafield>
    <datafield tag="400" ind1="1" ind2=" ">
      <subfield code="a">Stubeck, Johann Gottfried</subfield>
    </datafield>
    <datafield tag="548" ind1=" " ind2=" ">
      <subfield code="a">1627-1674</subfield>
      <subfield code="4">datw</subfield>
      <subfield code="4">https://d-nb.info/standards/elementset/gnd#periodOfActivity</subfield>
      <subfield code="w">r</subfield>
      <subfield code="i">Wirkungsdaten</subfield>
    </datafield>
    <datafield tag="550" ind1=" " ind2=" ">
      <subfield code="0">(DE-101)040004643</subfield>
      <subfield code="0">(DE-588)4000464-8</subfield>
      <subfield code="0">https://d-nb.info/gnd/4000464-8</subfield>
      <subfield code="a">Adel</subfield>
      <subfield code="4">obin</subfield>
      <subfield code="4">https://d-nb.info/standards/elementset/gnd#broaderTermInstantial</subfield>
      <subfield code="w">r</subfield>
      <subfield code="i">Oberbegriff instantiell</subfield>
    </datafield>
    <datafield tag="550" ind1=" " ind2=" ">
      <subfield code="0">(DE-101)040183335</subfield>
      <subfield code="0">(DE-588)4018333-6</subfield>
      <subfield code="0">https://d-nb.info/gnd/4018333-6</subfield>
      <subfield code="a">Freiherr</subfield>
      <subfield code="4">adel</subfield>
      <subfield code="4">https://d-nb.info/standards/elementset/gnd#titleOfNobility</subfield>
      <subfield code="w">r</subfield>
      <subfield code="i">Adelstitel</subfield>
    </datafield>
    <datafield tag="551" ind1=" " ind2=" ">
      <subfield code="0">(DE-101)040753913</subfield>
      <subfield code="0">(DE-588)4075391-8</subfield>
      <subfield code="0">https://d-nb.info/gnd/4075391-8</subfield>
      <subfield code="a">Niederösterreich</subfield>
      <subfield code="4">ortg</subfield>
      <subfield code="4">https://d-nb.info/standards/elementset/gnd#placeOfBirth</subfield>
      <subfield code="w">r</subfield>
      <subfield code="i">Geburtsort</subfield>
    </datafield>
    <datafield tag="670" ind1=" " ind2=" ">
      <subfield code="a">Niederösterr. Landesarch. NÖ Reg vor 1740 K 09/77</subfield>
    </datafield>
    <datafield tag="678" ind1=" " ind2=" ">
      <subfield code="b">aus mährischem Adel; bekam 1674 den Titel Truchseß verliehen</subfield>
    </datafield>
  </record>
